[gd_scene load_steps=8 format=2]

[ext_resource path="res://Menus/Worlds/Worlds.tscn" type="PackedScene" id=1]
[ext_resource path="res://Menus/Settings/Settings.tscn" type="PackedScene" id=2]
[ext_resource path="res://Menus/Credits/Credits.tscn" type="PackedScene" id=3]
[ext_resource path="res://Menus/ModsScreen/Mods.tscn" type="PackedScene" id=4]
[ext_resource path="res://Menus/ModsScreen/LoadingScreen.tscn" type="PackedScene" id=5]
[ext_resource path="res://MenuViewer.gd" type="Script" id=6]

[sub_resource type="Theme" id=1]
HBoxContainer/colors/hi = Color( 0.113725, 0.0784314, 0.72549, 1 )
HBoxContainer/constants/separation = 4

[node name="Control" type="Control"]
anchor_right = 1.0
anchor_bottom = 1.0
theme = SubResource( 1 )

[node name="Panel" type="Panel" parent="."]
anchor_right = 1.0
anchor_bottom = 1.0

[node name="HFlowContainer" type="HFlowContainer" parent="."]
anchor_right = 1.0
anchor_bottom = 1.0

[node name="MenuViewer" type="TabContainer" parent="."]
anchor_right = 1.0
anchor_bottom = 1.0
script = ExtResource( 6 )

[node name="LoadingScreen" parent="MenuViewer" instance=ExtResource( 5 )]

[node name="Mods" parent="MenuViewer" instance=ExtResource( 4 )]

[node name="Credits" parent="MenuViewer" instance=ExtResource( 3 )]

[node name="Worlds" parent="MenuViewer" instance=ExtResource( 1 )]

[node name="Settings" parent="MenuViewer" instance=ExtResource( 2 )]
